@online{Solnon2016coursAAIA,
  author       = {Christine Solnon},
  title        = {Première partie : Algorithmique avancée pour les graphes},
  year         = {2016},
  url          = {http://perso.citi-lab.fr/csolnon/supportAlgoGraphes.pdf},
  urldate      = {2023-12-28}, % Remplacer YYYY-MM-DD par la date à laquelle vous avez consulté le document.
  note         = {AAIA},
  organization = {CITI Lab, INSA Lyon dépt. Informatique},
}

